@manual{V351_Anleitung,
  organization = {TU Dortmund, Fakult채t Physik},
  title = {Versuchsanleitung zum V351},
  year = 2023
}
@manual{V101_Anleitung,
  organization = {TU Dortmund, Fakult채t Physik},
  title = {Versuchsanleitung zum V101},
  year = 2023
}
@manual{V302_Anleitung,
  organization = {TU Dortmund, Fakult채t Physik},
  title = {Versuchsanleitung zum V302},
  year = 2023
}
@manual{V206_Anleitung,
  organization = {TU Dortmund, Fakult채t Physik},
  title = {Versuchsanleitung zum V206},
  year = 2023
}
@online{Gaskonstante,
    title = {Wasser (Stoffdaten)},
    date = {2023-11-20},
    url = {https://physics.nist.gov/cgi-bin/cuu/Value?r|search_for=gas+constant},
}