@online{Gaskonstante,
    title = {Wasser (Stoffdaten)},
    date = {2023-11-20},
    url = {https://physics.nist.gov/cgi-bin/cuu/Value?r|search_for=gas+constant},
}
@online{Avogadro,
    title = {Fundamental Physical Constants},
    date = {2023-11-20},
    url = {https://physics.nist.gov/cgi-bin/cuu/Value?na},
}
@manual{V203_Anleitung,
  organization = {TU Dortmund, Fakult√§t Physik},
  title = {Versuchsanleitung zum V203},
  year = 2023
}
@online{Boltzmann,
title = {Fundamental Physical Constants},
    date = {2023-11-20},
    url = {https://physics.nist.gov/cgi-bin/cuu/Value?k|search_for=boltz},
}
https://www.chemie.de/lexikon/Wasser_%28Stoffdaten%29.html